<?xml version="1.0" encoding="UTF-8"?><collection xmlns="http://www.loc.gov/MARC21/slim"><record><leader>00337nam--2200133-i-4500</leader><controlfield tag="001">000007600</controlfield><controlfield tag="002">20161230</controlfield><controlfield tag="005">20161230201027</controlfield><controlfield tag="008">060222s1000------------r-----000-0-eng-d</controlfield><datafield ind1=" " ind2=" " tag="100"><subfield code="a">Ash, E</subfield></datafield><datafield ind1=" " ind2=" " tag="245"><subfield code="a">Fletchal, d.e</subfield></datafield><datafield ind1=" " ind2=" " tag="260"><subfield code="a">Plant Protective System</subfield></datafield><datafield ind1=" " ind2=" " tag="490"><subfield code="a">California, Atomics International, 1959 P. 236-308</subfield></datafield><datafield ind1=" " ind2=" " tag="852"><subfield code="a">621.039.577</subfield></datafield></record></collection>